@article{sheldon2010global,
  title={The global financial crisis and tourism: Perspectives of the academy},
  author={Sheldon, Pauline and Dwyer, Larry},
  journal={J. Travel Res.},
  volume={49},
  number={1},
  pages={3--4},
  month={1},
  year={2010}
}

@article{dombey2004effects,
  title={The effects of {SARS} on the {C}hinese tourism industry},
  author={Dombey, Olivier},
  journal={J. Vacat. Mark.},
  volume={10},
  number={1},
  pages={4--10},
  month={1},
  year={2004},
}

@article{fotiadis2021good,
  title={The good, the bad and the ugly on {COVID}-19 tourism recovery},
  author={Fotiadis, Anestis and Polyzos, Stathis and Huan, Tzung-Cheng TC},
  journal={Ann. Tour. Res.},
  volume={87},
  pages={103117},
  year={2021},
}

@book{hyndman2018forecasting,
  title={Forecasting: principles and practice},
  author={Hyndman, Rob J and Athanasopoulos, George},
  year={2018},
  edition={Second},
  location={Melbourne, Australia},
  publisher={OTexts}
}

@article{song2019review,
  title={A review of research on tourism demand forecasting: Launching the {Annals of Tourism Research Curated Collection} on tourism demand forecasting},
  author={Song, Haiyan and Qiu, Richard TR and Park, Jinah},
  journal={Ann. Tour. Res.},
  volume={75},
  pages={338--362},
  year={2019},
  month={3},
}

@article{shahrabi2013developing,
  title={Developing a hybrid intelligent model for forecasting problems: Case study of tourism demand time series},
  author={Shahrabi, Jamal and Hadavandi, Esmaeil and Asadi, Shahrokh},
  journal={Knowl. Based Syst.},
  volume={43},
  pages={112--122},
  year={2013},
  month={5}
}

@article{chatziantoniou2016forecasting,
  title={Forecasting tourist arrivals using origin country macroeconomics},
  author={Chatziantoniou, Ioannis and Degiannakis, Stavros and Eeckels, Bruno and Filis, George},
  journal={Appl. Econ.},
  volume={48},
  number={27},
  pages={2571--2585},
  year={2016},
  month={1}
}

@article{peng2014meta,
  title={A meta-analysis of international tourism demand forecasting and implications for practice},
  author={Peng, Bo and Song, Haiyan and Crouch, Geoffrey I},
  journal={Tour. Manage.},
  volume={45},
  pages={181--193},
  year={2014},
  month={12}
}

@article{hassani2017forecasting,
  title={Forecasting accuracy evaluation of tourist arrivals},
  author={Hassani, Hossein and Silva, Emmanuel Sirimal and Antonakakis, Nikolaos and Filis, George and Gupta, Rangan},
  journal={Ann. Tour. Res.},
  volume={63},
  pages={112--127},
  year={2017},
  month={3}
}

@online{FXTop,
  author = {Fxtop},
  title = {Historical exchange rates from 1953 with graph and charts},
  year = 2001,
  url = {https://fxtop.com/en/historical-exchange-rates.php},
  urldate = {2023-07-03}
}

@online{worldbank,
  author = {{\relax The World Bank}},
  title = {World {B}ank {O}pen {D}ata},
  year = 2011,
  url = {https://data.worldbank.org/},
  urldate = {2023-07-03}
}

@online{fsi,
  author = {{\relax The Fund For Peace}},
  title = {Fragile {S}tates {I}ndex},
  year = 2006,
  url = {https://fragilestate-sindex.org/},
  urldate = {2023-07-03}
}

@online{covidwho,
  author = {{\relax World Health Organization}},
  title = {{WHO} {C}oronavirus (COVID-19) {D}ashboard},
  year = 2020,
  url = {https://covid19.who.int/},
  urldate = {2023-06-15}
}

@article{cru,
    author={Harris, Ian
    and Osborn, Timothy J.
    and Jones, Phil
    and Lister, David},
    title={Version 4 of the {CRU TS} monthly high-resolution gridded multivariate climate dataset},
    journal={Sci. Data},
    volume={7},
    year={2020},
    month={4},
    volume={7},
    pages={109},
    doi={10.1038/s41597-020-0453-3},
}

@online{covidtrend,
  author = {{\relax Google}},
  title = {Google {T}rends},
  year = 2006,
  url = {https://trends.google.com/},
  urldate = {2023-06-15}
}

@article{oxfordcovid,
    author={Hale, Thomas
    and Angrist, Noam
    and Goldszmidt, Rafael
    and Kira, Beatriz
    and Petherick, Anna
    and Phillips, Toby
    and Webster, Samuel
    and Cameron-Blake, Emily
    and Hallas, Laura
    and Majumdar, Saptarshi
    and Tatlow, Helen},
    title={A global panel database of pandemic policies ({O}xford {COVID-19} {G}overnment {R}esponse {T}racker)},
    journal={Nat. Hum. Behav.},
    year={2021},
    month={4},
    volume={5},
    number={4},
    pages={529-538},
    doi={10.1038/s41562-021-01079-8},
}

@article{universalapp1989,
    title = {Multilayer feedforward networks are universal approximators},
    journal = {Neural Netw.},
    volume = {2},
    number = {5},
    pages = {359-366},
    year = {1989},
    month = {7},
    doi = {https://doi.org/10.1016/0893-6080(89)90020-8},
    author = {Kurt Hornik and Maxwell Stinchcombe and Halbert White},
}

@inproceedings{cv1995,
    author = {Kohavi, Ron},
    title = {A Study of Cross-Validation and Bootstrap for Accuracy Estimation and Model Selection},
    year = {1995},
    month = {8},
    booktitle = {Proc. Int. Joint Conf. Artif. Intell. (IJCAI)},
    pages = {1137–1143},
    numpages = {7},
    volume = {2},
    location = {Quebec, Canada}
}

@article{decisiontree,
    author={Quinlan, J. R.},
    title={Induction of decision trees},
    journal={Mach. Learn.},
    year={1986},
    month={3},
    volume={1},
    pages={81-106},
    doi={10.1007/BF00116251},
}

@article{randomforest,
    author={Breiman, Leo},
    title={Random Forests},
    journal={Mach. Learn.},
    year={2001},
    month={10},
    volume={45},
    pages={5-32},
    doi={10.1023/A:1010933404324},
}

@inproceedings{xgboost,
    author = {Chen, Tianqi and Guestrin, Carlos},
    title = {{XGBoost}: A Scalable Tree Boosting System},
    year = {2016},
    doi = {10.1145/2939672.2939785},
    booktitle = {Proc. ACM SIGKDD Int. Conf. Knowl. Discov. Data Min.},
    pages = {785–794},
    numpages = {10},
    location = {California, USA}
}

@inbook{rnn,
  author={Rumelhart, David E. and McClelland, James L.},
  booktitle={Parallel Distributed Processing: Explorations in the Microstructure of Cognition: Foundations}, 
  title={Learning Internal Representations by Error Propagation}, 
  year={1987},
  volume={},
  number={},
  pages={318-362},
  doi={},
  publisher={MIT Press},
  location={Cambridge, MA, USA}
}

@article{lstm,
    author = {Hochreiter, Sepp and Schmidhuber, J\"{u}rgen},
    title = {Long Short-Term Memory},
    year = {1997},
    volume = {9},
    number = {8},
    doi = {10.1162/neco.1997.9.8.1735},
    journal = {Neural Comput.},
    month = {11},
    pages = {1735–1780},
    numpages = {46}
}

@inproceedings{gru,
    title = "Learning Phrase Representations using {RNN} Encoder{--}Decoder for Statistical Machine Translation",
    author = {Cho, Kyunghyun  and
      van Merri{\"e}nboer, Bart  and
      Gulcehre, Caglar  and
      Bahdanau, Dzmitry  and
      Bougares, Fethi  and
      Schwenk, Holger  and
      Bengio, Yoshua},
    booktitle = "Proc. Empir. Method Nat. Lang. Process. (EMNLP)",
    month = {10},
    year = "2014",
    doi = "10.3115/v1/D14-1179",
    pages = "1724-1734",
    location = {Doha, Qatar}
}

@inproceedings{bayesiandropout,
    author = {Gal, Yarin and Ghahramani, Zoubin},
    title = {Dropout as a Bayesian Approximation: Representing Model Uncertainty in Deep Learning},
    year = {2016},
    month = {6},
    booktitle = {Proc. Int. Conf. Mach. Learn. (ICML)},
    pages = {1050–1059},
    numpages = {10},
    location = {New York City, NY, USA}
}

@inproceedings{conditionrnn,
    author = {O. Vinyals and A. Toshev and S. Bengio and D. Erhan},
    booktitle = {IEEE Conf. Comput. Vis. Patt. Recognit. (CVPR)},
    title = {Show and tell: A neural image caption generator},
    year = {2015},
    pages = {3156-3164},
    doi = {10.1109/CVPR.2015.7298935},
    month = 6,
    location = {Boston, MA, USA}
}

@article{dropout,
  author  = {Nitish Srivastava and Geoffrey Hinton and Alex Krizhevsky and Ilya Sutskever and Ruslan Salakhutdinov},
  title   = {Dropout: A Simple Way to Prevent Neural Networks from Overfitting},
  journal = {J. Mach. Learn. Res. (JMLR)},
  year    = {2014},
  volume  = {15},
  number  = {56},
  pages   = {1929--1958},
}

@article{stl,
    author={Cleveland,Robert B. and Cleveland,William S. and Terpenning,Irma},
    year={1990},
    month=3,
    title={{STL}: A Seasonal-Trend Decomposition Procedure Based on {L}oess},
    journal={J. Off. Statist.},
    volume={6},
    pages={3-33},
}

@inproceedings{transformer,
     author = {Vaswani, Ashish and Shazeer, Noam and Parmar, Niki and Uszkoreit, Jakob and Jones, Llion and Gomez, Aidan N and Kaiser, \L ukasz and Polosukhin, Illia},
     booktitle = {Adv. Neural Inf. Process. Syst. (NeurIPS)},
     title = {Attention is All you Need},
     volume = {30},
     year = {2017},
     location = {Long Beach, CA, USA},
     pages = {6000-6010}
}

@inproceedings{attention,
    title = "Effective Approaches to Attention-based Neural Machine Translation",
    author = "Luong, Thang  and
      Pham, Hieu  and
      Manning, Christopher D.",
    booktitle = "Proc. Empir. Method Nat. Lang. Process. (EMNLP)",
    month = 9,
    location = {Lisbon, Portugal},
    year = "2015",
    doi = "10.18653/v1/D15-1166",
    pages = "1412--1421",
}

@article{winkler,
    author = { Robert L.   Winkler },
    title = {A Decision-Theoretic Approach to Interval Estimation},
    journal = {J. Amer. Statist. Assoc.},
    volume = {67},
    number = {337},
    pages = {187-191},
    year  = {1972},
    month = 3,
    doi = {10.1080/01621459.1972.10481224},
}

@article{fasttext,
  title={Enriching Word Vectors with Subword Information},
  author={Bojanowski, Piotr and Grave, Edouard and Joulin, Armand and Mikolov, Tomas},
  journal={Trans. Assoc. Comput. Linguist.},
  year={2017},
  pages={135-146},
  month={6},
  volume={5}
}

@article{tsne,
  author  = {Laurens van der Maaten and Geoffrey Hinton},
  title   = {Visualizing Data using {t-SNE}},
  journal = {J. Mach. Learn. Res. (JMLR)},
  year    = {2008},
  volume  = {9},
  number  = {86},
  pages   = {2579--2605},
}

@article{maseqiu2021,
    title = {Visitor arrivals forecasts amid {COVID-19}: A perspective from the {A}sia and {P}acific team},
    journal = {Ann. Tour. Res.},
    volume = {88},
    pages = {103-155},
    year = {2021},
    month = {5},
    volume={88},
    doi = {https://doi.org/10.1016/j.annals.2021.103155},
    author = {Richard T.R. Qiu and Doris Chenguang Wu and Vincent Dropsy and Sylvain Petit and Stephen Pratt and Yasuo Ohe},
}

@article{hyndman2006,
    title = {Another look at measures of forecast accuracy},
    journal = {Int. J. Forecast.},
    volume = {22},
    number = {4},
    pages = {679-688},
    year = {2006},
    month = 10,
    doi = {https://doi.org/10.1016/j.ijforecast.2006.03.001},
    author = {Rob J. Hyndman and Anne B. Koehler},
}

@article{winterexp1960,
    author = {Peter R. Winters},
    journal = {Manage. Sci.},
    number = {3},
    pages = {324--342},
    title = {Forecasting Sales by Exponentially Weighted Moving Averages},
    volume = {6},
    year = {1960},
    month = {4},
}


@inproceedings{xavier,
  title = 	 {Understanding the difficulty of training deep feedforward neural networks},
  author = 	 {Glorot, Xavier and Bengio, Yoshua},
  booktitle = 	 {Proc. Int. Conf. Artif. Intell. Statist. (AISTAT)},
  pages = 	 {249--256},
  year = 	 {2010},
  volume = 	 {9},
  address = 	 {Sardinia, Italy},
  month = 	 {5},
}
